@book{davenport2002extractive,
  title={Extractive Metallurgy of Copper},
  author={Davenport, W.G. and King, M. and Schlesinger, M. and Biswas, A.K.},
  year={2002},
  publisher={Elsevier}
}

@book{schlesinger2011extractive,
  title={Extractive Metallurgy of Copper},
  author={Schlesinger, M.E. and King, M.J. and Sole, K.C. and Davenport, W.G.},
  year={2011},
  publisher={Elsevier}
}

@techreport{outokumpu1995flash,
  title={Flash Smelting Process},
  author={Outokumpu Oy},
  year={1995},
  institution={Outokumpu Research}
}

@article{shibasaki1993behavior,
  title={Behavior of impurities in flash smelting},
  author={Shibasaki, T. and Kanazawa, M. and Kato, Y.},
  journal={Metallurgical Review of MMIJ},
  volume={10},
  number={1},
  pages={13-28},
  year={1993}
}